@article{nagel1992cellular,
	title={A cellular automaton model for freeway traffic},
	author={Nagel, Kai and Schreckenberg, Michael},
	journal={Journal de physique I},
	volume={2},
	number={12},
	pages={2221--2229},
	year={1992},
	publisher={EDP Sciences}
}

@article{wright2013flow,
author = {Wright, Paul},
year = {2013},
month = {04},
pages = {},
title = {Investigating Traffic Flow in The Nagel-Schreckenberg Model}
}
